@misc{projectmanual,
  title={ET4171 - Processor Design Project Guide},
  author={N. Cucu-Laurenciu and S. Cotofana},
  year={2017}
}