%http://en.wikipedia.org/wiki/BibTeX --How to is all there

@book{parhami,
author = "B. Parhami",
title = "Computer Arithmetic: Algorithms and Hardware Designs",
publisher = "Oxford University Press",
edition = "2nd edition",
year = "2010"
}